<collection xmlns="http://www.loc.gov/MARC21/slim">
<record>
  <leader>00918ncm0a22002051i 450 </leader>
  <controlfield tag="001">IT\ICCU\CNCE\045106</controlfield>
  <controlfield tag="005">20180508000000.0</controlfield>
  <datafield tag="100" ind1=" " ind2=" ">
    <subfield code="a">19990120d1594        0itac0103    ba</subfield>
  </datafield>
  <datafield tag="101" ind1=" " ind2=" ">
    <subfield code="a">ITA</subfield>
  </datafield>
  <datafield tag="102" ind1=" " ind2=" ">
    <subfield code="a">BE</subfield>
  </datafield>
  <datafield tag="200" ind1="1" ind2=" ">
    <subfield code="a">Melodia olympica di diversi eccellentissimi musici a 4, 5, 6, et 8 voci, nuovamente raccolta da Pietro Philippi inglese, et data in luce. Nella quale si contengono i pi ̮eccellenti madrigali che hoggid si cantino</subfield>
  </datafield>
  <datafield tag="210" ind1=" " ind2=" ">
    <subfield code="a">Anversa</subfield>
    <subfield code="c">Pierre Phals̈e e Jean Bellr̈e</subfield>
    <subfield code="d">1594</subfield>
  </datafield>
  <datafield tag="300" ind1=" " ind2=" ">
    <subfield code="a">RISM : Recueils I, 1594/7</subfield>
  </datafield>
  <datafield tag="620" ind1=" " ind2=" ">
    <subfield code="a">BE</subfield>
    <subfield code="d">Anversa</subfield>
  </datafield>
  <datafield tag="700" ind1=" " ind2="1">
    <subfield code="a">Philips,</subfield>
    <subfield code="b">Peter</subfield>
    <subfield code="3">IT\ICCU\CNCA\011851</subfield>
  </datafield>
  <datafield tag="712" ind1="0" ind2="0">
    <subfield code="a">Phals̈e, Pierre &lt;2.&gt; &amp; Bellr̈e, Jean</subfield>
    <subfield code="3">IT\ICCU\CNCT\003249</subfield>
    <subfield code="4">650</subfield>
  </datafield>
  <datafield tag="790" ind1=" " ind2="1">
    <subfield code="a">Phillips,</subfield>
    <subfield code="b">Peter</subfield>
    <subfield code="3">IT\ICCU\CNCA\022853</subfield>
    <subfield code="z">Philips, Peter</subfield>
  </datafield>
  <datafield tag="790" ind1=" " ind2="1">
    <subfield code="a">Philippi,</subfield>
    <subfield code="b">Pietro</subfield>
    <subfield code="3">IT\ICCU\CNCA\024361</subfield>
    <subfield code="z">Philips, Peter</subfield>
  </datafield>
  <datafield tag="790" ind1=" " ind2="1">
    <subfield code="a">Philippi,</subfield>
    <subfield code="b">Peter</subfield>
    <subfield code="3">IT\ICCU\CNCA\024362</subfield>
    <subfield code="z">Philips, Peter</subfield>
  </datafield>
  <datafield tag="801" ind1=" " ind2="3">
    <subfield code="a">IT</subfield>
    <subfield code="b">ICCU</subfield>
    <subfield code="c">20201114</subfield>
  </datafield>
</record>
</collection>
